<record><leader>00000cas a22000007a 4500</leader><controlfield tag="001">14224516</controlfield><controlfield tag="008">860916d18821913pauwr ne      0    0eng d</controlfield><datafield ind1=" " ind2=" " tag="010"><subfield code="a">sn 87078092 </subfield></datafield><datafield ind1=" " ind2=" " tag="040"><subfield code="a">NPH</subfield><subfield code="b">eng</subfield><subfield code="c">NPH</subfield><subfield code="d">NPX</subfield><subfield code="d">NPH</subfield><subfield code="d">OCLCQ</subfield></datafield><datafield ind1=" " ind2=" " tag="042"><subfield code="a">msc</subfield></datafield><datafield ind1="0" ind2="4" tag="245"><subfield code="a">The Shippensburg chronicle.</subfield></datafield><datafield ind1=" " ind2=" " tag="260"><subfield code="a">Shippensburg, Pa. :</subfield><subfield code="b">Chronicle Pub. Co.,</subfield><subfield code="c">1882-1913.</subfield></datafield><datafield ind1=" " ind2=" " tag="300"><subfield code="a">v.</subfield></datafield><datafield ind1=" " ind2=" " tag="310"><subfield code="a">Weekly</subfield></datafield><datafield ind1="0" ind2=" " tag="362"><subfield code="a">Vol. 8, no. 15 (May 12, 1882)-v. 38, no. 48 (Dec. 25, 1913).</subfield></datafield><datafield ind1=" " ind2=" " tag="500"><subfield code="a">Publishers: Mrs. Bellewolfe, &lt;1898-1905&gt;.</subfield></datafield><datafield ind1=" " ind2=" " tag="752"><subfield code="a">United States</subfield><subfield code="b">Pennsylvania</subfield><subfield code="c">Cumberland</subfield><subfield code="d">Shippensburg.</subfield></datafield><datafield ind1="0" ind2="0" tag="780"><subfield code="t">Democratic chronicle (Shippensburg, Pa.)</subfield><subfield code="w">(DLC)sn 87080019</subfield></datafield><datafield ind1="0" ind2="0" tag="785"><subfield code="t">Chronicle (Shippensburg, Pa.)</subfield><subfield code="w">(DLC)sn 87080018</subfield><subfield code="w">(OCoLC)14224468</subfield></datafield></record>